<?xml version="1.0" encoding="UTF-8" ?>
<marc:collection xmlns:marc="http://www.loc.gov/MARC21/slim"
    xmlns:xsi="http://www.w3.org/2001/XMLSchema-instance"
    xsi:schemaLocation="http://www.loc.gov/MARC21/slim
    http://www.loc.gov/standards/marcxml/schema/MARC21slim.xsd">
    <!-- multiple 1XX -->
    <marc:record>
        <marc:leader>02733cam a2200505 i 4500</marc:leader>
        <marc:controlfield tag="001">3292686</marc:controlfield>
        <marc:controlfield tag="005">20240813164934.7</marc:controlfield>
        <marc:controlfield tag="008">770908s1977    dcu      b   f000 0 eng  </marc:controlfield>
        <marc:datafield tag="010" ind1=" " ind2=" ">
            <marc:subfield code="a">   77602748 </marc:subfield>
        </marc:datafield>
        <marc:datafield tag="100" ind1="1" ind2=" ">
            <marc:subfield code="a">Glude, John B.,</marc:subfield>
            <marc:subfield code="e">editor.</marc:subfield>
        </marc:datafield>
        <marc:datafield tag="110" ind1="1" ind2=" ">
            <marc:subfield code="a">Test 110</marc:subfield>
        </marc:datafield>
        <marc:datafield tag="245" ind1="1" ind2="0">
            <marc:subfield code="a">NOAA aquaculture plan /</marc:subfield>
            <marc:subfield code="c">prepared by John B. Glude, editor.</marc:subfield>
        </marc:datafield>
    </marc:record>