
    <!-- multiple 245 -->
    <marc:record>
        <marc:leader>02042cam a2200421 i 4500</marc:leader>
        <marc:controlfield tag="001">3315027</marc:controlfield>
        <marc:controlfield tag="005">20241112025810.4</marc:controlfield>
        <marc:controlfield tag="008">780802s1977    aku      b   s100 0 eng  </marc:controlfield>
        <marc:datafield tag="010" ind1=" " ind2=" ">
            <marc:subfield code="a">   78620504 </marc:subfield>
        </marc:datafield>
        <marc:datafield tag="111" ind1="2" ind2=" ">
            <marc:subfield code="a">Alaska Aquaculture Conference</marc:subfield>
            <marc:subfield code="n">(2nd :</marc:subfield>
            <marc:subfield code="d">1977 :</marc:subfield>
            <marc:subfield code="c">Wrangell, Alaska)</marc:subfield>
        </marc:datafield>
        <marc:datafield tag="245" ind1="1" ind2="0">
            <marc:subfield code="a">Proceedings of the second Alaska Aguaculture Conference, January 7, 8, and 9, 1977, Wrangell, Alaska.</marc:subfield>
        </marc:datafield>
        <marc:datafield tag="245" ind1="1" ind2="0">
            <marc:subfield code="a">Proceedings of the second Alaska Aguaculture Conference, January 7, 8, and 9, 1977, Wrangell, Alaska.</marc:subfield>
        </marc:datafield>
    </marc:record>