
    <!-- repeated 100 subfield -->
    <marc:record>
        <marc:leader>11111nam a2200553ui 4500</marc:leader>
        <marc:controlfield tag="001">ap-test1</marc:controlfield>
        <marc:datafield tag="100" ind1="1" ind2=" ">
            <marc:subfield code="a">Lully, Jean-Baptiste,</marc:subfield>
            <marc:subfield code="d">1632-1687,</marc:subfield>
            <marc:subfield code="d">added d</marc:subfield>
            <marc:subfield code="e">composer.</marc:subfield>
            <marc:subfield code="1">https://id.oclc.org/worldcat/entity/E39PBJwdjw9FW8TFDvMQ3VdG73</marc:subfield>
        </marc:datafield>
    </marc:record>
    <!-- repeated 600 subfield -->
    <marc:record>
        <marc:leader>11111nam a2200553ui 4500</marc:leader>
        <marc:controlfield tag="001">6xx-test1</marc:controlfield> 
        <marc:datafield tag="600" ind1="1" ind2="0">
            <marc:subfield code="a">Pushkin, Aleksandr Sergeevich,</marc:subfield>
            <marc:subfield code="a">added a</marc:subfield>
            <marc:subfield code="d">1799-1837</marc:subfield>
            <marc:subfield code="x">Museums</marc:subfield>
            <marc:subfield code="z">Russia (Federation)</marc:subfield>
            <marc:subfield code="z">Moscow</marc:subfield>
            <marc:subfield code="v">Maps.</marc:subfield>
        </marc:datafield>
    </marc:record>
    
    <!-- repeated 700 subfield -->
    <marc:record>
        <marc:leader>11111nam a2200553ui 4500</marc:leader>
        <marc:controlfield tag="001">relator-test1</marc:controlfield>
        <marc:datafield tag="700" ind1="1" ind2=" ">
            <marc:subfield code="a">Shostakovich, Dmitriĭ Dmitrievich,</marc:subfield>
            <marc:subfield code="d">1906-1975.</marc:subfield>
            <marc:subfield code="t">Korolʹ Lir (Motion picture music)</marc:subfield>
            <marc:subfield code="t">added t</marc:subfield>
        </marc:datafield>
    </marc:record>
    
    <!-- repeated 800 subfield -->
    <marc:record>
        <marc:leader>11111nam a2200553ui 4500</marc:leader>
        <marc:controlfield tag="001">8xx-test1</marc:controlfield> 
        
        <marc:datafield tag="800" ind1="1" ind2=" ">
            <marc:subfield code="a">Frye, Northrop.</marc:subfield>
            <marc:subfield code="t">Works.</marc:subfield>
            <marc:subfield code="f">1996 ;</marc:subfield>
            <marc:subfield code="v">v. 13.</marc:subfield>
            <marc:subfield code="v">added v</marc:subfield>
        </marc:datafield>
    </marc:record>