
    
    <!-- repeated 110 subfield -->
    <marc:record>
        <marc:leader>02327cam a2200505 i 4500</marc:leader>
        <marc:controlfield tag="001">6101111</marc:controlfield>
        <marc:controlfield tag="005">20241212023333.7</marc:controlfield>
        <marc:controlfield tag="008">800318s1979    dcud     b    000 0 eng  </marc:controlfield>
        <marc:datafield tag="110" ind1="2" ind2=" ">
            <marc:subfield code="a">National Research Council (U.S.).</marc:subfield>
            <marc:subfield code="a">National Research Council (U.S.).</marc:subfield>
            <marc:subfield code="b">Panel on Aquaculture.</marc:subfield>
        </marc:datafield>
        <marc:datafield tag="245" ind1="1" ind2="4">
            <marc:subfield code="a">The role of the U.S. Department of Agriculture in aquaculture :</marc:subfield>
            <marc:subfield code="b">a report /</marc:subfield>
            <marc:subfield code="c">prepared by the Panel on Aquaculture, Board on Agriculture and Renewable Resources, National Research Council.</marc:subfield>
        </marc:datafield>
    </marc:record>
    <!-- repeated 610 subfield -->
    <marc:record>
        <marc:leader>11111nam a2200553ui 4500</marc:leader>
        <marc:controlfield tag="001">6xx-test1</marc:controlfield> 
        
        <marc:datafield tag="610" ind1="2" ind2="7">
            <marc:subfield code="a">New York Shakespeare Festival Productions</marc:subfield>
            <marc:subfield code="a">added a</marc:subfield>
            <marc:subfield code="2">fast</marc:subfield>
        </marc:datafield>
        <marc:datafield tag="610" ind1="2" ind2="7">
            <marc:subfield code="a">Library of Congress.</marc:subfield>
            <marc:subfield code="2">fast</marc:subfield>
            <marc:subfield code="0">(OCoLC)fst00528532</marc:subfield>
        </marc:datafield>
    </marc:record>
    <!-- repeated 710 subfield -->
    <marc:record>
        <marc:leader>11111nam a2200553ui 4500</marc:leader>
        <marc:controlfield tag="001">relator-test1</marc:controlfield>
        <marc:datafield tag="710" ind1="2" ind2=" "> 
            <marc:subfield code="i">Container of (work)</marc:subfield>
            <marc:subfield code="a">Belarus Free Theatre (Theater group).</marc:subfield>
            <marc:subfield code="t">Minsk, 2011.</marc:subfield>
            <marc:subfield code="t">added t</marc:subfield>
        </marc:datafield>
    </marc:record>
    <!-- repeated 810 subfield -->
    <marc:record>
        <marc:leader>11111nam a2200553ui 4500</marc:leader>
        <marc:controlfield tag="001">8xx-test1</marc:controlfield> 
        
        <marc:datafield tag="810" ind1="2" ind2=" ">
            <marc:subfield code="a">Open University.</marc:subfield>
            <marc:subfield code="t">Nineteenth-century novel and its legacy ;</marc:subfield>
            <marc:subfield code="v">Unit 2.</marc:subfield>
            <marc:subfield code="v">added v</marc:subfield>
        </marc:datafield>
    </marc:record>