
    
    <!-- repeated 111 subfield -->
    <marc:record>
        <marc:leader>02042cam a2200421 i 4500</marc:leader>
        <marc:controlfield tag="001">3315027</marc:controlfield>
        <marc:controlfield tag="005">20241112025810.4</marc:controlfield>
        <marc:controlfield tag="008">780802s1977    aku      b   s100 0 eng  </marc:controlfield>
        <marc:datafield tag="010" ind1=" " ind2=" ">
            <marc:subfield code="a">   78620504 </marc:subfield>
        </marc:datafield>
        <marc:datafield tag="111" ind1="2" ind2=" ">
            <marc:subfield code="a">Alaska Aquaculture Conference</marc:subfield>
            <marc:subfield code="a">added a</marc:subfield>
            <marc:subfield code="n">(2nd :</marc:subfield>
            <marc:subfield code="d">1977 :</marc:subfield>
            <marc:subfield code="c">Wrangell, Alaska)</marc:subfield>
        </marc:datafield>
        <marc:datafield tag="245" ind1="1" ind2="0">
            <marc:subfield code="a">Proceedings of the second Alaska Aguaculture Conference, January 7, 8, and 9, 1977, Wrangell, Alaska.</marc:subfield>
        </marc:datafield>
    </marc:record>
    
    <!-- repeated 611 subfield -->
    <marc:record>
        <marc:leader>11111nam a2200553ui 4500</marc:leader>
        <marc:controlfield tag="001">611-test1</marc:controlfield> 
        
        <marc:datafield tag="611" ind1="2" ind2="0">
            <marc:subfield code="a">Olympic Games</marc:subfield>
            <marc:subfield code="a">added a</marc:subfield>
            <marc:subfield code="n">(23rd :</marc:subfield>
            <marc:subfield code="d">1984 :</marc:subfield>
            <marc:subfield code="c">Los Angeles, Calif.)</marc:subfield>
            <marc:subfield code="v">Periodicals.</marc:subfield>
        </marc:datafield>
    </marc:record>
    <!-- repeated 711 subfield -->
    <marc:record>
        <marc:leader>11111nam a2200553ui 4500</marc:leader>
        <marc:controlfield tag="001">relator-test1</marc:controlfield>
        <marc:datafield tag="711" ind1="2" ind2=" ">
            <marc:subfield code="a">Stratford Festival (Ont.),</marc:subfield>
            <marc:subfield code="a">added a</marc:subfield>
            <marc:subfield code="j">production company.</marc:subfield>
            <marc:subfield code="1">https://fakeiri.edu/1234</marc:subfield>
        </marc:datafield>
    </marc:record>
    
    <!-- repeated 811 subfield -->
    <marc:record>
        <marc:leader>11111nam a2200553ui 4500</marc:leader>
        <marc:controlfield tag="001">811-test1</marc:controlfield> 
        <marc:datafield tag="811" ind1="2" ind2=" ">
            <marc:subfield code="a">International Congress of Romance Linguistics and Philology</marc:subfield>
            <marc:subfield code="n">(17th :</marc:subfield>
            <marc:subfield code="d">1983 :</marc:subfield>
            <marc:subfield code="c">Aix-en-Provence, France).</marc:subfield>
            <marc:subfield code="t">Actes du XVIIème Congrès international de linguistique et philologie romanes ;</marc:subfield>
            <marc:subfield code="t">added t</marc:subfield>
            <marc:subfield code="v">vol. no. 5.</marc:subfield>
        </marc:datafield>
    </marc:record>