
    
    
    <!-- repeated 130 subfield -->
    
    <marc:record>
        <marc:leader>05799cgm a2201129 i 4500</marc:leader>
        <marc:controlfield tag="001">99162645165001452</marc:controlfield>
        <marc:controlfield tag="008">140815p20112004xxu111 g      o   vleng d</marc:controlfield>
        <marc:datafield tag="130" ind1="0" ind2=" ">
            <marc:subfield code="a">Bride &amp; prejudice (Motion picture)</marc:subfield>
            <marc:subfield code="a">added a</marc:subfield>
        </marc:datafield>
    </marc:record>
    
    <!-- repeated 630 subfield -->
    <marc:record>
        <marc:leader>11111nam a2200553ui 4500</marc:leader>
        <marc:controlfield tag="001">6xx-test1</marc:controlfield> 
        
        <!-- mints work and subject -->
        <marc:datafield tag="630" ind1="0" ind2="0">
            <marc:subfield code="a">Bible.</marc:subfield>
            <marc:subfield code="p">Old Testament.</marc:subfield>
            <marc:subfield code="l">Greek</marc:subfield>
            <marc:subfield code="l">added l</marc:subfield>
            <marc:subfield code="x">Versions</marc:subfield>
            <marc:subfield code="x">Septuagint.</marc:subfield>
        </marc:datafield>
    </marc:record>
    
    <!-- repeated 730 subfield -->
    <marc:record>
        <marc:leader>11111nam a2200553ui 4500</marc:leader>
        <marc:controlfield tag="001">relator-test1</marc:controlfield>
        <marc:datafield tag="730" ind1="0" ind2=" ">
            <marc:subfield code="i">Motion picture adaptation of (work):</marc:subfield>
            <marc:subfield code="4">http://rdaregistry.info/Elements/w/P10129</marc:subfield>
            <marc:subfield code="a">Beowulf</marc:subfield>
            <marc:subfield code="a">added a</marc:subfield>
        </marc:datafield>
    </marc:record>
    
    <!-- repeated 830 subfield -->
    <marc:record>
        <marc:leader>11111nam a2200553ui 4500</marc:leader>
        <marc:controlfield tag="001">relator-test1</marc:controlfield>
        
        <marc:datafield tag="830" ind1=" " ind2="0">
            <marc:subfield code="a">All in love is fair.</marc:subfield>
            <marc:subfield code="a">added a</marc:subfield>
            <marc:subfield code="1">https://musicbrainz.org/work/3f9ae128-bbec-3804-a477-83348f91dbc8</marc:subfield>
            <marc:subfield code="2">musicb</marc:subfield>
        </marc:datafield>
    </marc:record>