
    
    <!-- repeated 240 subfield -->
    <marc:record>
        <marc:leader>01875cim a2200409 a 4500</marc:leader>
        <marc:controlfield tag="001">13304007</marc:controlfield>
        <marc:controlfield tag="008">090504s2009    tnunnnng efz   f  n eng d</marc:controlfield>
        <marc:datafield tag="100" ind1="1" ind2=" ">
            <marc:subfield code="a">Tomasi di Lampedusa, Giuseppe,</marc:subfield>
            <marc:subfield code="d">1896-1957.</marc:subfield>
        </marc:datafield>
        <marc:datafield tag="240" ind1="1" ind2="0">
            <marc:subfield code="a">Gattopardo.</marc:subfield>
            <marc:subfield code="l">English</marc:subfield>
            <marc:subfield code="l">added l</marc:subfield>
        </marc:datafield>
        <marc:datafield tag="245" ind1="1" ind2="4">
            <marc:subfield code="a">The leopard</marc:subfield>
            <marc:subfield code="h">[sound recording] /</marc:subfield>
            <marc:subfield code="c">Giuseppe Tomasi di Lampedusa.</marc:subfield>
        </marc:datafield>
    </marc:record>