
    
    <!-- repeated $6 -->
    <marc:record xmlns:marc="http://www.loc.gov/MARC21/slim">
        <marc:leader>01844cam a2200481 i 4500</marc:leader>
        <marc:controlfield tag="001">99162705671701452</marc:controlfield>
        <marc:controlfield tag="005">20240210213018.0</marc:controlfield>
        <marc:controlfield tag="008">090120s2007    ir            000 f per  </marc:controlfield>
        <marc:datafield tag="100" ind1="1" ind2=" ">
            <marc:subfield code="a">Austen, Jane,</marc:subfield>
            <marc:subfield code="d">1775-1817,</marc:subfield>
            <marc:subfield code="e">author.</marc:subfield>
            <marc:subfield code="1">https://id.oclc.org/worldcat/entity/E39PBJfxfBQhDp4VDqHfwrJkXd</marc:subfield>
        </marc:datafield>
        <marc:datafield tag="240" ind1="1" ind2="0">
            <marc:subfield code="a">Emma.</marc:subfield>
            <marc:subfield code="l">Persian</marc:subfield>
        </marc:datafield>
        <marc:datafield tag="245" ind1="1" ind2="0">
            <marc:subfield code="6">880-01</marc:subfield>
            <marc:subfield code="a">Imā /</marc:subfield>
            <marc:subfield code="c">Jayn Āstīn ; tarjumah-ʼi Riz̤ā Riz̤ayī.</marc:subfield>
        </marc:datafield>
        <marc:datafield tag="880" ind1="1" ind2="0">
            <marc:subfield code="6">245-01/(3/r</marc:subfield>
            <marc:subfield code="a">اما /</marc:subfield>
            <marc:subfield code="c">جين آستين ؛ ترجمۀ رضا رضيى.</marc:subfield>
        </marc:datafield>
        <marc:datafield tag="250" ind1=" " ind2=" ">
            <marc:subfield code="6">880-02</marc:subfield>
            <marc:subfield code="a">Chāp-i duvvum.</marc:subfield>
        </marc:datafield>
        <marc:datafield tag="880" ind1=" " ind2=" ">
            <marc:subfield code="6">250-02/(4/r</marc:subfield>
            <marc:subfield code="a">چاپ دوم.</marc:subfield>
        </marc:datafield>
        <marc:datafield tag="264" ind1=" " ind2="1">
            <marc:subfield code="6">880-03</marc:subfield>
            <marc:subfield code="6">880-03</marc:subfield>
            <marc:subfield code="a">Tihrān :</marc:subfield>
            <marc:subfield code="b">Nashr-i Nay,</marc:subfield>
            <marc:subfield code="c">1386 [2007]</marc:subfield>
        </marc:datafield>
        <marc:datafield tag="880" ind1=" " ind2="1">
            <marc:subfield code="6">264-03/(3/r</marc:subfield>
            <marc:subfield code="a">تهران :</marc:subfield>
            <marc:subfield code="b">نشر نى،</marc:subfield>
            <marc:subfield code="c">1386 [2007]</marc:subfield>
        </marc:datafield>
    </marc:record>
</marc:collection>
